% This file was created with JabRef 2.10.
% Encoding: UTF-8


@Book{ASTM2007,
  Title                    = {Standard test method for mode I interlaminar fracture toughness of unidirectional fiber-reinforced polymer matrix composites},
  Author                   = {ASTM, AC09036782, Anonymus},
  Publisher                = {ASTM Internat.},
  Year                     = {2007},

  Owner                    = {julianlocal},
  Timestamp                = {2018.08.31}
}

@Article{Boehlke2012,
  Title                    = {Technische Mechanik 2},
  Author                   = {Thomas B{\"o}hlke},
  Journal                  = {Skript KIT},
  Year                     = {2012},

  Owner                    = {julianlocal},
  Timestamp                = {2018.08.23}
}

@Book{Gross2016,
  Title                    = {Bruchmechanik: Mit einer Einf{\"u}hrung in die Mikromechanik},
  Author                   = {Gross, D. and Seelig, T.},
  Publisher                = {Springer Berlin Heidelberg},
  Year                     = {2016},

  ISBN                     = {9783662467374},
  Owner                    = {julianlocal},
  Timestamp                = {2018.08.24}
}

@Book{Zehnder2012,
  Title                    = {Fracture Mechanics},
  Author                   = {A. T. Zehnder},
  Publisher                = {Springer},
  Year                     = {2012},

  Owner                    = {julianlocal},
  Timestamp                = {2018.08.23}
}

@Book{Fritzen2013,
  Title                    = {Skriptum Rechnerunterst{\"u}tzte Mechanik II},
  Author                   = {F. Fritzen},
  Publisher                = {IFM KIT},
  Year                     = {2013},
}
